@article{example23,
  author =       "E. Xample",
  title =        "Example title",
  journal =      "journal",
  volume =       "1",
  number =       "1",
  pages =        "1--2",
  year =         "2023"
}