@inproceedings{9249211,
  author={Chowdhury, Shovan and Schoen, Marco P.},
  booktitle={2020 Intermountain Engineering, Technology and Computing (IETC)}, 
  title={Research Paper Classification using Supervised Machine Learning Techniques}, 
  year={2020},
  volume={},
  number={},
  pages={1-6},
  doi={10.1109/IETC47856.2020.9249211}}


@inproceedings{Khairnar2013MachineLA,
  title={Machine Learning Algorithms for Opinion Mining and Sentiment Classification},
  author={Jayashri Khairnar and Mayura Kinikar},
  year={2013}
}

@misc{patel2017chapter,
  title={Chapter 2: SVM (Support Vector Machine)---Theory},
  author={Patel, Savan},
  year={2017},
  howpublished={\url{https://medium.com/machine-learning101/chapter-2-svm-support-vector-machine-theory-f0812effc72}}
}

@misc{mysiak2019eda,
  title={NLP Part 3 | Exploratory Data Analysis of Text Data},
  author={Mysiak, Kamil},
  year={2019},
  howpublished={\url{https://towardsdatascience.com/nlp-part-3-exploratory-data-analysis-of-text-data-1caa8ab3f79d}}
}
  
@inproceedings{kim-2014-convolutional,
    title = "Convolutional Neural Networks for Sentence Classification",
    author = "Kim, Yoon",
    booktitle = "Proceedings of the 2014 Conference on Empirical Methods in Natural Language Processing ({EMNLP})",
    month = oct,
    year = "2014",
    address = "Doha, Qatar",
    publisher = "Association for Computational Linguistics",
    url = "https://aclanthology.org/D14-1181",
    doi = "10.3115/v1/D14-1181",
    pages = "1746--1751",
}

@misc{cer2018universal,
      title={Universal Sentence Encoder}, 
      author={Daniel Cer and Yinfei Yang and Sheng-yi Kong and Nan Hua and Nicole Limtiaco and Rhomni St. John and Noah Constant and Mario Guajardo-Cespedes and Steve Yuan and Chris Tar and Yun-Hsuan Sung and Brian Strope and Ray Kurzweil},
      year={2018},
      eprint={1803.11175},
      archivePrefix={arXiv},
      primaryClass={cs.CL}
}